@article{Yang2022,
   author = {Fan Yang and Yang Miang Goh},
   doi = {10.1016/j.ssci.2021.105645},
   issn = {09257535},
   journal = {Safety Science},
   month = {4},
   pages = {105645},
   title = {VR and MR technology for safety management education: An authentic learning approach},
   volume = {148},
   year = {2022},
}
@article{James2002,
   author = {K. H. James and G. K. Humphrey and T. Vilis and B. Corrie and R. Baddour and M. A. Goodale},
   doi = {10.3758/BF03195466},
   issn = {0743-3808},
   issue = {3},
   journal = {Behavior Research Methods, Instruments, & Computers},
   month = {8},
   pages = {383-390},
   title = {Active and passive learning of three-dimensional object structure within an immersive virtual reality environment},
   volume = {34},
   year = {2002},
}
