@article{zhan2024scaling,
  title={Scaling Dense Retrievers to Billions of Passages},
  author={Zhan, Michael and Abdelaziz, Ibrahim and Bhagavatula, Chandra and Bragg, Jonathan and Sun, Siamak and Petroni, Fabio and Lewis, Patrick and Cohen, William and Awadallah, Ahmed},
  journal={arXiv preprint arXiv:2502.05364},
  year={2024}
}

@misc{hu2019retrievereadrerankendtoend,
      title={Retrieve, Read, Rerank: Towards End-to-End Multi-Document Reading Comprehension}, 
      author={Minghao Hu and Yuxing Peng and Zhen Huang and Dongsheng Li},
      year={2019},
      eprint={1906.04618},
      archivePrefix={arXiv},
      primaryClass={cs.CL},
      url={https://arxiv.org/abs/1906.04618}, 
}

@article{duchi2011adaptive,
  author    = {John C. Duchi and Elad Hazan and Yoram Singer},
  title     = {Adaptive Subgradient Methods for Online Learning and Stochastic Optimization},
  journal   = {Journal of Machine Learning Research},
  volume    = {12},
  number    = {61},
  pages     = {2121--2159},
  year      = {2011},
  month     = feb,
  url       = {https://www.jmlr.org/papers/volume12/duchi11a/duchi11a.pdf}
}

@misc{tieleman2012lecture,
  author       = {Tijmen Tieleman and Geoffrey Hinton},
  title        = {Lecture 6.5—RMSProp: Divide the Gradient by a Running Average of Its Recent Magnitude},
  howpublished = {Coursera: Neural Networks for Machine Learning},
  year         = {2012},
  note         = {Accessed: Apr. 22, 2025},
  url          = {https://www.cs.toronto.edu/~tijmen/csc321/slides/lecture_slides_lec6.pdf}
}

@misc{hofstatter2020improving,
      title={Improving Efficient Neural Ranking Models with Cross-Architecture Knowledge Distillation}, 
      author={Sebastian Hofstätter and Sophia Althammer and Michael Schröder and Mete Sertkan and Allan Hanbury},
      year={2021},
      eprint={2010.02666},
      archivePrefix={arXiv},
      primaryClass={cs.IR},
      url={https://arxiv.org/abs/2010.02666}, 
}

@misc{gao2021complementing,
      title={Complementing Lexical Retrieval with Semantic Residual Embedding}, 
      author={Luyu Gao and Zhuyun Dai and Tongfei Chen and Zhen Fan and Benjamin Van Durme and Jamie Callan},
      year={2021},
      eprint={2004.13969},
      archivePrefix={arXiv},
      primaryClass={cs.IR},
      url={https://arxiv.org/abs/2004.13969}, 
}

@misc{lin2020distill,
      title={Distilling Dense Representations for Ranking using Tightly-Coupled Teachers}, 
      author={Sheng-Chieh Lin and Jheng-Hong Yang and Jimmy Lin},
      year={2020},
      eprint={2010.11386},
      archivePrefix={arXiv},
      primaryClass={cs.IR},
      url={https://arxiv.org/abs/2010.11386}, 
}

@misc{xiong2020approximate,
      title={Approximate Nearest Neighbor Negative Contrastive Learning for Dense Text Retrieval}, 
      author={Lee Xiong and Chenyan Xiong and Ye Li and Kwok-Fung Tang and Jialin Liu and Paul Bennett and Junaid Ahmed and Arnold Overwijk},
      year={2020},
      eprint={2007.00808},
      archivePrefix={arXiv},
      primaryClass={cs.IR},
      url={https://arxiv.org/abs/2007.00808}, 
}

@misc{wandb2020,
title = {Experiment Tracking with Weights and Biases},
year = {2020},
note = {Software available from wandb.com},
url={https://www.wandb.com/},
author = {Biewald, Lukas},
}

@misc{paszke2019pytorchimperativestylehighperformance,
      title={PyTorch: An Imperative Style, High-Performance Deep Learning Library}, 
      author={Adam Paszke and Sam Gross and Francisco Massa and Adam Lerer and James Bradbury and Gregory Chanan and Trevor Killeen and Zeming Lin and Natalia Gimelshein and Luca Antiga and Alban Desmaison and Andreas Köpf and Edward Yang and Zach DeVito and Martin Raison and Alykhan Tejani and Sasank Chilamkurthy and Benoit Steiner and Lu Fang and Junjie Bai and Soumith Chintala},
      year={2019},
      eprint={1912.01703},
      archivePrefix={arXiv},
      primaryClass={cs.LG},
      url={https://arxiv.org/abs/1912.01703}, 
}

@misc{shazeer2020gluvariantsimprovetransformer,
      title={GLU Variants Improve Transformer}, 
      author={Noam Shazeer},
      year={2020},
      eprint={2002.05202},
      archivePrefix={arXiv},
      primaryClass={cs.LG},
      url={https://arxiv.org/abs/2002.05202}, 
}

@misc{dao2022flashattentionfastmemoryefficientexact,
      title={FlashAttention: Fast and Memory-Efficient Exact Attention with IO-Awareness}, 
      author={Tri Dao and Daniel Y. Fu and Stefano Ermon and Atri Rudra and Christopher Ré},
      year={2022},
      eprint={2205.14135},
      archivePrefix={arXiv},
      primaryClass={cs.LG},
      url={https://arxiv.org/abs/2205.14135}, 
}

@misc{su2023roformerenhancedtransformerrotary,
      title={RoFormer: Enhanced Transformer with Rotary Position Embedding}, 
      author={Jianlin Su and Yu Lu and Shengfeng Pan and Ahmed Murtadha and Bo Wen and Yunfeng Liu},
      year={2023},
      eprint={2104.09864},
      archivePrefix={arXiv},
      primaryClass={cs.CL},
      url={https://arxiv.org/abs/2104.09864}, 
}

@misc{modernbert,
      title={Smarter, Better, Faster, Longer: A Modern Bidirectional Encoder for Fast, Memory Efficient, and Long Context Finetuning and Inference}, 
      author={Benjamin Warner and Antoine Chaffin and Benjamin Clavié and Orion Weller and Oskar Hallström and Said Taghadouini and Alexis Gallagher and Raja Biswas and Faisal Ladhak and Tom Aarsen and Nathan Cooper and Griffin Adams and Jeremy Howard and Iacopo Poli},
      year={2024},
      eprint={2412.13663},
      archivePrefix={arXiv},
      primaryClass={cs.CL},
      url={https://arxiv.org/abs/2412.13663}, 
}


@article{DBLP:journals/corr/NguyenRSGTMD16,
  author    = {Tri Nguyen and
               Mir Rosenberg and
               Xia Song and
               Jianfeng Gao and
               Saurabh Tiwary and
               Rangan Majumder and
               Li Deng},
  title     = {{MS} {MARCO:} {A} Human Generated MAchine Reading COmprehension Dataset},
  journal   = {CoRR},
  volume    = {abs/1611.09268},
  year      = {2016},
  url       = {http://arxiv.org/abs/1611.09268},
  archivePrefix = {arXiv},
  eprint    = {1611.09268},
  timestamp = {Mon, 13 Aug 2018 16:49:03 +0200},
  biburl    = {https://dblp.org/rec/journals/corr/NguyenRSGTMD16.bib},
  bibsource = {dblp computer science bibliography, https://dblp.org}
}
}


@misc{nogueira2020passagererankingbert,
      title={Passage Re-ranking with BERT}, 
      author={Rodrigo Nogueira and Kyunghyun Cho},
      year={2020},
      eprint={1901.04085},
      archivePrefix={arXiv},
      primaryClass={cs.IR},
      url={https://arxiv.org/abs/1901.04085}, 
}

@misc{koursaros2019NBoost,
  title={NBoost: Neural Boosting Search Results},
  author={Thienes, Cole and Pertschuk, Jack},
  howpublished={\url{https://github.com/koursaros-ai/nboost}},
  year={2019}
}

@inproceedings{reimers-2019-sentence-bert,
    title = "Sentence-BERT: Sentence Embeddings using Siamese BERT-Networks",
    author = "Reimers, Nils and Gurevych, Iryna",
    booktitle = "Proceedings of the 2019 Conference on Empirical Methods in Natural Language Processing",
    month = "11",
    year = "2019",
    publisher = "Association for Computational Linguistics",
    url = "https://arxiv.org/abs/1908.10084",
}


@inproceedings{hofstatter2021efficiently,
  title={Efficiently teaching an effective dense retriever with balanced topic aware sampling},
  author={Hofst{\"a}tter, Sebastian and Lin, Sheng-Chieh and Yang, Jheng-Hong and Lin, Jimmy and Hanbury, Allan},
  booktitle={Proceedings of the 44th International ACM SIGIR Conference on Research and Development in Information Retrieval},
  pages={113--122},
  year={2021}
}

@inproceedings{yu2022improving,
  title={Improving dense retrieval with hard negatives from document reduction distillation},
  author={Yu, Guang and Huang, Jianbin and Zheng, Zhirui and Zhang, Wenge and Xu, Jun},
  booktitle={Findings of the Association for Computational Linguistics: EMNLP 2022},
  pages={3642--3652},
  year={2022}
}

@misc{modal_labs,
  author = {{Modal}},
  title = {Modal: Serverless compute for AI and data workflows},
  year = {2025},
  howpublished = {\url{https://modal.com/}},
  note = {Accessed: 20-04-2025}
}

@inproceedings{Lin2021PretrainedTF,
  title={Pretrained Transformers for Text Ranking: BERT and Beyond},
  author={Jimmy Lin and Rodrigo Nogueira and Andrew Yates},
  booktitle={Synthesis Lectures on Human Language Technologies},
  year={2021},
  url={https://arxiv.org/abs/2010.06467}
}

@article{robertson2009probabilistic,
  title={The probabilistic relevance framework: BM25 and beyond},
  author={Robertson, Stephen and Zaragoza, Hugo},
  journal={Foundations and Trends® in Information Retrieval},
  volume={3},
  number={4},
  pages={333--389},
  year={2009},
  publisher={Now Publishers, Inc.}
}

@inproceedings{karpukhin2020dense,
  title={Dense passage retrieval for open-domain question answering},
  author={Karpukhin, Vladimir and Oguz, Barlas and Min, Sewon and Lewis, Patrick and Wu, Ledell and Edunov, Sergey and Chen, Danqi and Yih, Wen-tau},
  booktitle={Proceedings of the 2020 Conference on Empirical Methods in Natural Language Processing (EMNLP)},
  pages={6769--6781},
  year={2020}
}

@inproceedings{devlin2019bert,
  title={BERT: Pre-training of Deep Bidirectional Transformers for Language Understanding},
  author={Devlin, Jacob and Chang, Ming-Wei and Lee, Kenton and Toutanova, Kristina},
  booktitle={Proceedings of the 2019 Conference of the North American Chapter of the Association for Computational Linguistics: Human Language Technologies, Volume 1 (Long and Short Papers)},
  pages={4171--4186},
  year={2019},
  url={https://www.aclweb.org/anthology/N19-1423}
}

@article{nogueira2019passage,
  title={Passage Re-ranking with BERT},
  author={Nogueira, Rodrigo and Lin, Jimmy},
  journal={arXiv preprint arXiv:1901.04085},
  year={2019}
}

@inproceedings{Nogueira2020Document,
    title = "Document Ranking with a Pretrained Sequence-to-Sequence Model",
    author = "Nogueira, Rodrigo and Yang, Zihang and Cho, Kyunghyun and Lin, Jimmy",
    booktitle = "Findings of the Association for Computational Linguistics: EMNLP 2020",
    month = nov,
    year = "2020",
    address = "Online",
    publisher = "Association for Computational Linguistics",
    url = "https://aclanthology.org/2020.findings-emnlp.102",
    pages = "1124--1136",
}

@inproceedings{bajaj2016ms,
  title={MS MARCO: A Human Generated MAchine Reading COmprehension Dataset},
  author={Bajaj, Payal and Campos, Daniel and Craswell, Nick and Deng, Li and Gao, Jianfeng and Liu, Xiaodong and Majumder, Rangan and McNamara, Andrew and Mitra, Bhaskar and Nguyen, Tri and others},
  booktitle={Workshop on Cognitive Computation: Integrating Neural and Symbolic Approaches @ NIPS 2016},
  year={2016},
  url={https://arxiv.org/abs/1611.09268}
}

@misc{craswell2020overview,
      title={Overview of the TREC 2019 deep learning track}, 
      author={Nick Craswell and Bhaskar Mitra and Emine Yilmaz and Daniel Campos and Ellen M. Voorhees},
      year={2020},
      eprint={2003.07820},
      archivePrefix={arXiv},
      primaryClass={cs.IR},
      url={https://arxiv.org/abs/2003.07820}, 
}

@misc{craswell2021overview,
      title={Overview of the TREC 2020 deep learning track}, 
      author={Nick Craswell and Bhaskar Mitra and Emine Yilmaz and Daniel Campos},
      year={2021},
      eprint={2102.07662},
      archivePrefix={arXiv},
      primaryClass={cs.IR},
      url={https://arxiv.org/abs/2102.07662}, 
}

@misc{kingma2017adam,
      title={Adam: A Method for Stochastic Optimization}, 
      author={Diederik P. Kingma and Jimmy Ba},
      year={2017},
      eprint={1412.6980},
      archivePrefix={arXiv},
      primaryClass={cs.LG},
      url={https://arxiv.org/abs/1412.6980}, 
}

@misc{loshchilov2019decoupled,
      title={Decoupled Weight Decay Regularization}, 
      author={Ilya Loshchilov and Frank Hutter},
      year={2019},
      eprint={1711.05101},
      archivePrefix={arXiv},
      primaryClass={cs.LG},
      url={https://arxiv.org/abs/1711.05101}, 
}

@misc{chen2023symbolic,
      title={Symbolic Discovery of Optimization Algorithms}, 
      author={Xiangning Chen and Chen Liang and Da Huang and Esteban Real and Kaiyuan Wang and Yao Liu and Hieu Pham and Xuanyi Dong and Thang Luong and Cho-Jui Hsieh and Yifeng Lu and Quoc V. Le},
      year={2023},
      eprint={2302.06675},
      archivePrefix={arXiv},
      primaryClass={cs.LG},
      url={https://arxiv.org/abs/2302.06675}, 
}

@misc{khattab2020colbert,
      title={ColBERT: Efficient and Effective Passage Search via Contextualized Late Interaction over BERT}, 
      author={Omar Khattab and Matei Zaharia},
      year={2020},
      eprint={2004.12832},
      archivePrefix={arXiv},
      primaryClass={cs.IR},
      url={https://arxiv.org/abs/2004.12832}, 
}

@misc{wang2020minilm,
      title={MiniLM: Deep Self-Attention Distillation for Task-Agnostic Compression of Pre-Trained Transformers}, 
      author={Wenhui Wang and Furu Wei and Li Dong and Hangbo Bao and Nan Yang and Ming Zhou},
      year={2020},
      eprint={2002.10957},
      archivePrefix={arXiv},
      primaryClass={cs.CL},
      url={https://arxiv.org/abs/2002.10957}, 
}

@misc{li2023towards,
      title={Towards General Text Embeddings with Multi-stage Contrastive Learning}, 
      author={Zehan Li and Xin Zhang and Yanzhao Zhang and Dingkun Long and Pengjun Xie and Meishan Zhang},
      year={2023},
      eprint={2308.03281},
      archivePrefix={arXiv},
      primaryClass={cs.CL},
      url={https://arxiv.org/abs/2308.03281}, 
}

@inproceedings{reimers2019sentence,
    title = "Sentence-BERT: Sentence Embeddings using Siamese BERT-Networks",
    author = "Reimers, Nils and Gurevych, Iryna",
    booktitle = "Proceedings of the 2019 Conference on Empirical Methods in Natural Language Processing and the 9th International Joint Conference on Natural Language Processing (EMNLP-IJCNLP)",
    month = "11",
    year = "2019",
    pages = "3982--3992",
    url = "https://arxiv.org/abs/1908.10084"
}

@misc{trec_eval_github,
    author = {{National Institute of Standards and Technology (NIST)}},
    title = {trec\_eval Information Retrieval Evaluation Software},
    year = {2024},
    howpublished = {\url{https://github.com/usnistgov/trec_eval}},
}

@inproceedings{wolf2020transformers,
    title = "Transformers: State-of-the-Art Natural Language Processing",
    author = "Thomas Wolf and Lysandre Debut and Victor Sanh and Julien Chaumond and Clement Delangue and Anthony Moi and Pierric Cistac and Tim Rault and Rémi Louf and Morgan Funtowicz and Joe Davison and Sam Shleifer and Patrick von Platen and Clara Ma and Yacine Jernite and Julien Plu and Canwen Xu and Teven Le Scao and Sylvain Gugger and Mariama Drame and Quentin Lhoest and Alexander M. Rush",
    booktitle = "Proceedings of the 2020 Conference on Empirical Methods in Natural Language Processing: System Demonstrations",
    month = oct,
    year = "2020",
    address = "Online",
    publisher = "Association for Computational Linguistics",
    url = "https://www.aclweb.org/anthology/2020.emnlp-demos.6",
    pages = "38--45"
}

@inproceedings{lin2021pyserini,
    title = "Pyserini: A {Python} Toolkit for Reproducible Information Retrieval Research with Sparse and Dense Representations",
    author = "Lin, Jimmy and Ma, Xueguang and Lin, Sheng-Chieh and Yang, Jheng-Hong and Pradeep, Ronak and Nogueira, Rodrigo",
    booktitle = "Proceedings of the 44th International ACM SIGIR Conference on Research and Development in Information Retrieval",
    year = "2021",
    pages = "2356--2360",
    url = "https://dl.acm.org/doi/10.1145/3404835.3463238"
}

% --- Add other citations below ---
